@article{knuth84,
  author = {Knuth, Donald E.},
  title = {Literate Programming},
  year = {1984},
  issue_date = {May 1984},
  publisher = {Oxford University Press, Inc.},
  address = {USA},
  volume = {27},
  number = {2},
  issn = {0010-4620},
  url = {https://doi.org/10.1093/comjnl/27.2.97},
  doi = {10.1093/comjnl/27.2.97},
  journal = {Comput. J.},
  month = may,
  pages = {97â€“111},
  numpages = {15}
}

@article{McGreevy:2022oyu,
    author = "McGreevy, John",
    title = "{Generalized Symmetries in Condensed Matter}",
    eprint = "2204.03045",
    archivePrefix = "arXiv",
    primaryClass = "cond-mat.str-el",
    doi = "10.1146/annurev-conmatphys-040721-021029",
    month = "4",
    year = "2022"
}

@article{Schafer-Nameki:2023jdn,
    author = "Schafer-Nameki, Sakura",
    title = "{ICTP Lectures on (Non-)Invertible Generalized Symmetries}",
    eprint = "2305.18296",
    archivePrefix = "arXiv",
    primaryClass = "hep-th",
    month = "5",
    year = "2023"
}

@article{Gomes:2023ahz,
    author = "Gomes, Pedro R. S.",
    title = "{An introduction to higher-form symmetries}",
    eprint = "2303.01817",
    archivePrefix = "arXiv",
    primaryClass = "hep-th",
    doi = "10.21468/SciPostPhysLectNotes.74",
    journal = "SciPost Phys. Lect. Notes",
    volume = "74",
    pages = "1",
    year = "2023"
}

@article{Bhardwaj:2023kri,
    author = "Bhardwaj, Lakshya and Bottini, Lea E. and Fraser-Taliente, Ludovic and Gladden, Liam and Gould, Dewi S. W. and Platschorre, Arthur and Tillim, Hannah",
    title = "{Lectures on Generalized Symmetries}",
    eprint = "2307.07547",
    archivePrefix = "arXiv",
    primaryClass = "hep-th",
    month = "7",
    year = "2023"
}

@inproceedings{Luo:2023ive,
    author = "Luo, Ran and Wang, Qing-Rui and Wang, Yi-Nan",
    title = "{Lecture Notes on Generalized Symmetries and Applications}",
    eprint = "2307.09215",
    archivePrefix = "arXiv",
    primaryClass = "hep-th",
    month = "7",
    year = "2023"
}

@article{Shao:2023gho,
    author = "Shao, Shu-Heng",
    title = "{What's Done Cannot Be Undone: TASI Lectures on Non-Invertible Symmetry}",
    eprint = "2308.00747",
    archivePrefix = "arXiv",
    primaryClass = "hep-th",
    reportNumber = "YITP-SB-2023-19",
    month = "8",
    year = "2023"
}

@article{TachikawaTasi,
    author = "Tachikawa, Yuji",
    title = "{Lecture on anomalies and topological phases}",
    year = "2019",
    url = "https://member.ipmu.jp/yuji.tachikawa/lectures/2019-top-anom/"
}


@article{Kapustin:2013uxa,
    author = "Kapustin, Anton and Thorngren, Ryan",
    title = "{Higher symmetry and gapped phases of gauge theories}",
    eprint = "1309.4721",
    archivePrefix = "arXiv",
    primaryClass = "hep-th",
    month = "9",
    year = "2013"
}

@article{Barkeshli:2014cna,
    author = "Barkeshli, Maissam and Bonderson, Parsa and Cheng, Meng and Wang, Zhenghan",
    title = "{Symmetry Fractionalization, Defects, and Gauging of Topological Phases}",
    eprint = "1410.4540",
    archivePrefix = "arXiv",
    primaryClass = "cond-mat.str-el",
    doi = "10.1103/PhysRevB.100.115147",
    journal = "Phys. Rev. B",
    volume = "100",
    number = "11",
    pages = "115147",
    year = "2019"
}

@article{Gaiotto:2014kfa,
    author = "Gaiotto, Davide and Kapustin, Anton and Seiberg, Nathan and Willett, Brian",
    title = "{Generalized Global Symmetries}",
    eprint = "1412.5148",
    archivePrefix = "arXiv",
    primaryClass = "hep-th",
    doi = "10.1007/JHEP02(2015)172",
    journal = "JHEP",
    volume = "02",
    pages = "172",
    year = "2015"
}

@article{KalbRamond,
  title = {Classical direct interstring action},
  author = {Kalb, Michael and Ramond, P.},
  journal = {Phys. Rev. D},
  volume = {9},
  issue = {8},
  pages = {2273--2284},
  numpages = {0},
  year = {1974},
  month = {Apr},
  publisher = {American Physical Society},
  doi = {10.1103/PhysRevD.9.2273},
  url = {https://link.aps.org/doi/10.1103/PhysRevD.9.2273}
}